% This file was created with JabRef 2.10b2.
% Encoding: UTF-8


@Article{PiliersGamification,
  Title                    = {Les 3 piliers de la gamification},
  Author                   = {Alexandre Duarte},
  Journal                  = {EcoGameLab},
  Year                     = {2019},

  Month                    = {Juin},

  Url                      = {http://ecogamelab.com/les-3-piliers-de-la-gamification/}
}

@Article{9techniquesLudopedagogiques,
  Title                    = {Les 9 techniques Ludop{\'e}dagogiques},
  Author                   = {Philippe L{\'e}pinard},
  Journal                  = {LinkedIn Pulse},
  Year                     = {2019},

  Month                    = {Mai},

  Abstract                 = {Les 9 techniques ludop{\'e}dagogiques https://www.linkedin.com/pulse/les-9-techniques-ludop%C3%A9dagogiques-philippe-l%C3%A9pinard/ Publi{\'e} le 22 mai 2019 Philippe L{\'e}pinard Ludop{\'e}dagocrafter, PhD 1 article La ludop{\'e}dagogie a le vent en poupe. Et c'est une excellente chose car elle apporte un vent de fra{\^i}cheur aux enseignant·e·s et apprenant·e·s. Mais quelles sont r{\'e}ellement et concr{\`e}tement les techniques ludop{\'e}dagogiques existantes ? Cet article vous propose des {\'e}l{\'e}ments de r{\'e}ponse d{\'e}velopp{\'e}s depuis 2015 dans le cadre d'un projet men{\'e} au sein du groupe th{\'e}matique de recherche MACCA Management de l'Institut de Recherche en Gestion (EA 2354). Ce travail nous a en effet permis d'identifier {\`a} ce jour 9 techniques ludop{\'e}dagogiques. Certaines sont utilis{\'e}es couramment dans les enseignements depuis que l'{\'e}cole existe quand d'autres sont issues de la forte croissance actuelle de l'{\'e}cosyst{\`e}me ludique. Voici quelques remarques pr{\'e}alables : Aucune de ces techniques n'est li{\'e}e {\`a} une technologie particuli{\`e}re : elles peuvent s'appr{\'e}hender et se concevoir avec des jeux num{\'e}riques, des jeux physiques ou des jeux hybrides. Nos travaux sont principalement (mais pas exclusivement) centr{\'e}s sur les enseignements des sciences de gestion (gestion de projet, management, management des syst{\`e}mes d'information, innovation, etc.). Les jeux {\'e}ducatifs sont des artefacts transverses par rapport aux techniques : certains se placent dans les techniques de gamification, d'autres s'apparentent plus {\`a} des serious games, etc. Il est d'ailleurs parfois difficile de faire la distinction entre un artefact et une technique. Pour notre travail, nous nous appuyons sur la d{\'e}finition des techniques p{\'e}dagogiques de Raynal et Rieunier (P{\'e}dagogie, dictionnaire des concepts cl{\'e}s, 2012) : Les techniques p{\'e}dagogiques sont des savoir-faire limit{\'e}s permettant de faciliter l'apprentissage. Ces savoir-faire professionnels constituent les outils de base parmi lesquels l'enseignant va puiser pour concevoir ses strat{\'e}gies (organisation de techniques et de moyens pour atteindre un objectif). Une technique ludop{\'e}dagogique int{\`e}gre donc g{\'e}n{\'e}ralement un artefact (le jeu en tant que tel). Mais elle s'appuie surtout sur d'autres dimensions didactiques et p{\'e}dagogiques afin d'en faire un dispositif fonctionnel dans un environnement de formation. Nos 9 techniques sont donc bien entendu {\`a} penser dans le cadre d'une ing{\'e}nierie p{\'e}dagogique et de formation plus large et adapt{\'e}e. Cet article montre une vision parcellaire du travail que nous avons r{\'e}alis{\'e} puisqu'il n'a comme unique ambition que de faire un {\'e}tat de l'art des techniques ludop{\'e}dagogiques identifi{\'e}es actuellement. Les 9 techniques que nous allons pr{\'e}senter sont les simulations gamifi{\'e}es, les activit{\'e}s p{\'e}dagogiques gamifi{\'e}es, les serious games, le serious gaming int{\'e}gral, le serious gamingpartiel, le learning by game-design, la ressource pr{\'e}texte, l’apprentissage ludique incident et le m{\'e}tagame. Chaque technique a {\'e}t{\'e} mise en œuvre et exp{\'e}riment{\'e}e avec des {\'e}tudiant·e·s de tous niveaux au sein de deux {\'e}coles internes de l'Universit{\'e} Paris-Est Cr{\'e}teil Val de Marne : l'{\'e}cole d'ing{\'e}nieur Esipe-Cr{\'e}teil et l'{\'e}cole de management IAE Gustave Eiffel. Les techniques de gamification Les simulations gamifi{\'e}es : mise en œuvre de mod{\'e}lisations plus ou moins simplifi{\'e}es du monde r{\'e}el qui int{\`e}grent des {\'e}l{\'e}ments de gamification (points, comp{\'e}tition, etc.). Exemples : business games, wargames, etc. Les activit{\'e}s p{\'e}dagogiques gamifi{\'e}es : toute activit{\'e} p{\'e}dagogique imagin{\'e}e par le formateur int{\'e}grant des {\'e}l{\'e}ments de gamification (points, challenge, etc.). Exemples : point bonus, hackathon, etc. Les techniques de game-based learning Le serious game : jeu sp{\'e}cifiquement d{\'e}velopp{\'e} pour un usage s{\'e}rieux et pour r{\'e}pondre {\`a} un ou plusieurs objectif(s) p{\'e}dagogique(s). Pris en tant que tel, un serious game peut s'apparenter {\`a} un simple artefact. Toutefois, cette vision est trop restrictive puisqu'il int{\`e}gre la plupart du temps des dispositifs de briefing, rem{\'e}diation, etc. Exemples : Tech it!, Airducation, etc. {\`A} noter enfin que la seule vision num{\'e}rique de serious game n'est plus d'actualit{\'e} depuis de nombreuses ann{\'e}es. Le serious gaming int{\'e}gral : d{\'e}tournement sans modification d’un jeu du commerce afin de l’utiliser dans le cadre de la formation. C’est au formateur de d{\'e}finir l’utilisation du jeu en fonction des objectifs p{\'e}dagogiques qu’il a lui-m{\^e}me fix{\'e}s. Exemples : utilisation du jeu The Big Idea pour un cours d'innovation, du jeu Minecraft pour un cours de gestion de projet, du jeu de r{\^o}le Z-Corpspour un cours de management, etc. Le serious gaming partiel : d{\'e}tournement d’un jeu du commerce ayant subi des adaptations p{\'e}dagogiques sp{\'e}cifiques afin de faciliter son int{\'e}gration dans le cadre de la formation. Exemples : Minecraft Education Edition, KerbalEdu, etc. Les techniques de contournement Le Learning by game-design : apprentissage r{\'e}alis{\'e} au travers des recherches documentaires et des activit{\'e}s de travail de groupe permettant la conception d’un jeu. Le formateur fixe les objectifs p{\'e}dagogiques qui vont permettre aux {\'e}tudiant·e·s d’{\'e}laborer le jeu. La ressource pr{\'e}texte : utilisation des univers fantastiques, oniriques ou attrayants des jeux comme "app{\^a}ts" pour am{\'e}liorer l’engagement de l’apprenant·e dans sa formation. Exemples : la m{\'e}thode LEGO®Serious Play®, utilisation d'X-plane pour un cours de d{\'e}veloppement informatique, etc. Les techniques informelles L'apprentissage ludique incident : apprentissage r{\'e}alis{\'e} lors des activit{\'e}s ludiques de loisir. Il n’existe pas d’objectif p{\'e}dagogique a priori (si ce n’est ceux des game designers). Le m{\'e}tagame : apprentissage r{\'e}alis{\'e} lors de recherches personnelles ou collaboratives concernant les univers et m{\'e}canismes des jeux. Il n’existe pas d’objectif p{\'e}dagogique a priori et cette pratique d{\'e}pend int{\'e}gralement de la volont{\'e} et de la curiosit{\'e} des joueurs. Suivre nos activit{\'e}s Le fil Twitter du groupe MACCA Management : https://twitter.com/groupemacca Le site Internet du groupe MACCA Management : http://maccamanagement.fr/ Le fil Twitter du Gamixlab : https://twitter.com/gamixlab La page Facebook du Gamixlab : https://www.facebook.com/gamixlab/ Principales r{\'e}f{\'e}rences du projet de recherche Paveau, M.-C. (2016), "Les digital natives et le nouveau monde : Minecraft, une exploration des proto-comp{\'e}tences pour les m{\'e}tiers de demain", M{\'e}moire de master 2 en psychologie sociale, du travail et des ressources humaines sous la direction de Philippe L{\'e}pinard, Universit{\'e} Paris 8, Institut d’enseignement {\`a} distance. L{\'e}pinard, P., Vandangeon-Derumez, I. (2017), "Les techniques ludop{\'e}dagogiques dans les enseignements des sciences de gestion", 28{\`e}me Congr{\`e}s AGRH, Aix-en-Provence, https://hal.archives-ouvertes.fr/hal-01619978v1. L{\'e}pinard, P. (2018), "Blocs Minecraft et briques LEGO® : compl{\'e}mentarit{\'e} de techniques ludop{\'e}dagogiques dans le cadre d’enseignements en management", 2{\`e}me Colloque international Game Evolution, Montpellier, https://hal.archives-ouvertes.fr/hal-01823346v1. L{\'e}pinard, P., Vaqui{\'e}ri, J. (2019), "Le jeu de r{\^o}le sur table dans l'enseignement sup{\'e}rieur", 3{\`e}me colloque international Game Evolution, Cr{\'e}teil, https://hal.archives-ouvertes.fr/hal-02126192v1. [Communication pr{\'e}vue en juin 2019] L{\'e}pinard, P., Vandangeon-Derumez, I. (2019), "Apprendre le management autrement : la ludop{\'e}dagogie au service du d{\'e}veloppement des soft skills des {\'e}tudiant·e·s", XXVIII{\`e}me conf{\'e}rence de l'AIMS, Dakar, https://hal.archives-ouvertes.fr/hal-02133862v1.},
  Comment                  = {22 mai 2019},
  Keywords                 = {techniques, p{\'e}dagogie, ludop{\'e}dagogie, gamification},
  Url                      = {https://www.linkedin.com/pulse/les-9-techniques-ludop%C3%A9dagogiques-philippe-l%C3%A9pinard/}
}

@Article{gamificationEntrepriseCommentCaMarche,
  Title                    = {[Infographie] La Gamification en entreprise, comment \c{c}a marche ?},
  Author                   = {Reward Process},
  Journal                  = {Reward Process},
  Year                     = {2018},

  Month                    = {Octobre},

  Url                      = {https://reward-process.com/gamification/infographie-gamification-comment-ca-marche/}
}

@Proceedings{InnovationGamificationBNF2020,
  Title                    = {Conf{\'e}rence Innovation Gamification (BNF)},
  Author                   = {Diane d'Espositio, Anne Frisch, Alexandre Duarte, Fabrice Jouvenot, C{\'e}dric Vasseur, Philippe L{\'e}pinard},
  Year                     = {2020},
  Month                    = {F{\'e}vrier}
}

@Proceedings{GameEvolution2019,
  Title                    = {Game Evolution, Management et P{\'e}dagogie Ludique, 3{\`e}me collogue International Game Evolution, IAE Gustave Effeil - FSEG - UPEC},
  Author                   = {Philippe L{\'e}pinard, Nicolas Besombes, al.},
  Year                     = {2019},
  Month                    = {Mai}
}

@Proceedings{GameEvolution2020,
  Title                    = {Game Evolution, Management et P{\'e}dagogie Ludique, 4{\`e}me collogue International Game Evolution, IAE Gustave Effeil - FSEG - UPEC},
  Author                   = {Philippe L{\'e}pinard, Antoine Chollet, al.},
  Year                     = {2020},
  Month                    = {Mai}
}

@Proceedings{OnlineGamificationEvent2020,
  Title                    = {Online Gamification Event (Arkham Studio)},
  Author                   = {Arkham Studio},
  Year                     = {2020},
  Month                    = {Mai}, 
  url					   = {https://www.arkham-studio.fr/online-gamification-event/}
}

