% Encoding: UTF-8

@Electronic{BTSbiotechProgrammeAbrege,
  author = {dendalj},
  year   = {2009},
  title  = {Programme du BTS Biotechnologie},
  url    = {http://eric.vinas.free.fr/IMG/pdf/programme_abrege.pdf},
}

@Electronic{BTSbiotechReferentiel,
  author       = {Direction de l'enseignement sup{\'e}rieur},
  year         = {2007},
  title        = {Brevet de technicien sup{\'e}rieur Biotechnologies},
  organization = {Minist{\`e}re del'Enseignement Sup{\'e}rieur et de la Recherche},
  url          = {https://eduscol.education.fr/bio/moteur/referentiel-BTS-Biotech},
}

@Electronic{LicenceBioInfoCNAM,
  title = {Cours BioInformatique de Licence du CNAM},
  url   = {http://bioinfo.cnam.fr/index.php?index=supports},
}

@Electronic{AgorithmiqueBioInfoCNAM,
  title    = {Algorithmique de la bio-informatique},
  url      = {https://formation.cnam.fr/rechercher-par-discipline/algorithmique-de-la-bio-informatique-207779.kjsp},
  abstract = {Algorithmique de la bio-informatique

    Pr{\'e}sentation
    Programme
    Parcours
    Informations pratiques 

Public, conditions d’acc{\`e}s et pr{\'e}requis
Pr{\'e}requis : Les auditeurs devront de pr{\'e}f{\'e}rence avoir assist{\'e} au cours BNF102 ou sinon justifier d'un niveau suffisant en programmation
Biologistes ou Informaticiens.
Titulaires d'un BTS de Biochimie, Biotechnologie, Biologie ou d'un DUT de Biologie appliqu{\'e}e (ou dipl{\^o}mes {\'e}quivalents bac+2)
Titulaire d'un BTS ou d'une licence d'informatique ou dipl{\^o}me de niveau {\'e}quivalent.
Objectifs p{\'e}dagogiques
Initier aux algorithmes utilis{\'e}s pour les principaux programmes de bio-informatique.
Comp{\'e}tences vis{\'e}es
Cette formation doit permettre aux auditeurs non initi{\'e}s de comprendre le fonctionnement des principaux programmes de la bio-informatique et pour pouvoir les utiliser au mieux.
Mots-cl{\'e}s

    Compilation
    Programmation algorithmique
    Langage de programmation
    Bioinformatique
    Programmation
    Algorithmique
    Langage informatique




Contenu
1) Bases algorithmiques
2) Alignements multiples et recherche de motifs
3) Recherche de similarit{\'e}s dans les banques : BLAST et FASTA
4) Assemblage de s{\'e}quences et pr{\'e}sentation de logiciels
5) Automates et expressions r{\'e}guli{\`e}res
6) Recherche de g{\`e}nes : m{\'e}thodes heuristiques
Modalit{\'e} d'{\'e}valuation
Examen final
Bibliographie

    AD Baxevanis et al. Wiley Interscience New York (USA) : Bioinformatics
    L. Bloch Ed Technip : Initiation {\`a} la programmation avec Scheme},
}

@Electronic{UtilisationBioInfoLicenceCNAM,
  title    = {Utilisation et applications de la bio-informatique},
  url      = {https://formation.cnam.fr/rechercher-par-discipline/utilisation-et-applications-de-la-bio-informatique-207780.kjsp?RF=},
  abstract = {Utilisation et applications de la bio-informatique

    Pr{\'e}sentation
    Programme
    Parcours
    Informations pratiques 

Public, conditions d’acc{\`e}s et pr{\'e}requis
Biologistes ou Informaticiens.
Titulaires d'un BTS de Biochimie, Biotechnologie, Biologie ou d'un DUT de Biologie appliqu{\'e}e (ou dipl{\^o}mes {\'e}quivalents bac+2).
Titulaire d'un BTS ou d'une licence d'informatique ou dipl{\^o}me de niveau {\'e}quivalent. Dans ce cas, une connaissance pr{\'e}liminaire de la biologie/biochimie est recommand{\'e}e, par exemple gr{\^a}ce {\`a} l'UE Biochimie Fondamentale #BCA001.
L'avis des auditeurs

Les derni{\`e}res r{\'e}ponses {\`a} l'enqu{\^e}te d'appr{\'e}ciation pour cet enseignement :

    Fiche synth{\'e}tique au format PDF 

Objectifs p{\'e}dagogiques
Former des bio-informaticiens pour r{\'e}pondre {\`a} l'{\'e}mergence des m{\'e}tiers nouveaux li{\'e}s aux nouvelles biotechnologies.
Comp{\'e}tences vis{\'e}es
Connaissance et utilisation des banques de donn{\'e}es et des logiciels existants sur le Web, qui permettent d{\'e}j{\`a} de traiter de mani{\`e}re puissante les donn{\'e}es biologiques g{\'e}n{\'e}r{\'e}es par les nouvelles biotechnologies (bases de donn{\'e}es, logiciels de traitement de s{\'e}quence, outils de pr{\'e}diction, logiciels statistiques).
Apprentissage des probl{\'e}matiques bio-informatiques li{\'e}es {\`a} l'{\'e}mergence des nouvelles biotechnologies.
Mots-cl{\'e}s

    G{\'e}n{\'e}tique mol{\'e}culaire
    G{\'e}nie g{\'e}n{\'e}tique
    Drug design
    Banque de donn{\'e}es
    Biotechnologie
    Langage informatique
    Algorithmique
    G{\'e}n{\'e}tique
    Bioinformatique




Contenu
1) Rappels de base de biologie {\`a} usage pour la bio-informatique :
Les cha{\^i}nes du vivant, ADN et Prot{\'e}ines.
La cellule : unit{\'e} fonctionnelle du vivant.
{\'E}l{\'e}ments de physiopathologie : inflammation, maladies infectieuses et cancers
2) Les grandes banques bio-informatiques :
Banques de donn{\'e}es disponibles sur Internet :
s{\'e}quences, polymorphismes, structure des prot{\'e}ines. Le syst{\`e}me Entrez : du g{\`e}ne {\`a} la fonction.
3) Exploitation des banques de s{\'e}quences et applications :
Les logiciels disponibles sur Internet :
criblage de banque, alignement de deux s{\'e}quences, phylog{\'e}nie. Principes algorithmiques et utilisation.
4) Mod{\'e}lisation mol{\'e}culaire et applications :
Logiciels de r{\'e}f{\'e}rence (RasMol, Cn3D, VMD). Pr{\'e}diction de structure, m{\'e}thodes automatiques.
5) Probl{\'e}matiques Bio-informatiques li{\'e}es aux nouvelles technologies :
S{\'e}quen\c{c}age massif du g{\'e}nome  (Next Generation Sequencing, NGS), puces de g{\'e}notypage, puces de transcriptome, g{\'e}nomique sur cohorte et maladies, g{\'e}n{\'e}tique d'association, initiation {\`a} l'utilisation des donn{\'e}es NGS avec Galaxy.
Modalit{\'e} d'{\'e}valuation
Examen final sur ordinateur
Bibliographie

    AD Baxevanis et al. : Bioinformatics, Wiley Interscience. New-York
    Denis Tagu et Jean-Loup Risler : Bio-informatique. Principes d'utilisation des outils. Edition Quae
    Del{\'e}age Gilbert et Gouy Manolo : Bioinformatique - 2e {\'e}dition: Cours et applications},
}

@Electronic{SebSeuvageCouchesOSI,
  author = {SebSauvage},
  title  = {Comprendre l'ordinateur : Le mod{\`e}le en couches, le mod{\`e}le OSI.},
  url    = {https://sebsauvage.net/comprendre/tcpip/osi.html},
}

@Comment{jabref-meta: databaseType:bibtex;}
