% This file was created with JabRef 2.4.2.
% Encoding: Cp1252

@CONFERENCE{CleConf00,
  author = {Onyme, Anne and Nonyme, Albert and Connu, Jocelyn},
  title = {Titre de article de conf{\'e}rence},
  booktitle = {Titre de livre},
  year = {2009},
  editor = {Editeur},
  series = {S{\'e}rie de conf{\'e}rences / livres},
  address = {Catacombes de Paris -- Chatelet Les Halles - 75001 Paris},
  month = {Trecembre},
  organization = {S{\'e}rie de conf{\'e}rences},
  publisher = {Publication},
  abstract = {R{\'e}sum{\'e}},
  annote = {Annotations},
  date-added = {2009-01-01 00:00:00 +0100},
  date-modified = {2009-09-09 09:09:09 +0100},
  keywords = {motcle01,motcle02,motcle03},
  url = {http://gabriel.chandesris.free.fr/}
}

@CONFERENCE{CleConf01,
  author = {Onynyme, Anne and Nonyme, Albert},
  title = {Titre de article de conf{\'e}rence},
  booktitle = {Titre de livre},
  year = {2009},
  editor = {Editeur},
  series = {S{\'e}rie de conf{\'e}rences / livres},
  address = {Catacombes de Paris -- Chatelet Les Halles - 75001 Paris},
  month = {Trecembre},
  organization = {S{\'e}rie de conf{\'e}rences},
  publisher = {Publication},
  abstract = {R{\'e}sum{\'e}},
  annote = {Annotations},
  crossref = {CleConf00},
  date-added = {2009-01-01 00:00:00 +0100},
  date-modified = {2009-09-09 09:09:09 +0100},
  keywords = {motcle01,motcle02,motcle03},
  url = {http://gabriel.chandesris.free.fr/}
}


@ARTICLE{ArtRef00,
  author = {Connu, Jocelyn and Onyme, Anne and Nonyme, Albert},
  title = {Titre de article },
  journal = {Journal de r{\'e}f{\'e}rence},
  year = {2009},
  volume = {42},
  number = {13},
  pages = {6--9},
  month = {Trecembre},
  abstract = {R{\'e}sum{\'e}},
  date-added = {2009-01-01 00:00:00 +0100},
  date-modified = {2009-09-09 09:09:09 +0100},
  keywords = {bioinformatic,Simple Object Access Protocol (SOAP),Gene Ontology (GO),HyperText
	Markup Language (HTML),eXtensible Markup Language (XML),Web Service
	Description Language (WSDL)},
  url = {http:///gabywald.over-blog.com}
}


@INPROCEEDINGS{InProc00,
  author = {Nonyme, Albert and Connu, Jocelyn and Onyme, Anne},
  title = {Titre pr{\'e}sentation},
  booktitle = {Titre livre},
  year = {2009},
  editor = {Editeur},
  volume = {42},
  pages = {6--13},
  address = {Nulle part},
  organization = {Choas Computer Club},
  publisher = {Publicateur},
  date-added = {2009-01-01 00:00:00 +0100},
  date-modified = {2009-09-09 09:09:09 +0100},
  keywords = {Object Query Langage (OQL), Chaos Computer Club (CCC)},
  url = {http://www.google.fr/}
}


@PHDTHESIS{PhdThe00,
  author = {Th{\`e}se, auteur de},
  title = {Intilu{\'e} de th{\`e}se},
  school = {Universit{\'e} / institution},
  year = {2009},
  type = {Domaine de la th{\`e}se},
  abstract = {R{\'e}sum{\'e}},
  date-added = {2009-01-01 00:00:00 +0100},
  date-modified = {2009-09-09 09:09:09 +0100},
  keywords = {these},
  url = {http://fr.wikipedia.org/}
}


@TECHREPORT{TecRep00,
  author = {Technical, Report and Software, Editor and Computer, Constructor of},
  title = {Titre de rapport technique},
  institution = {institution d'accueil},
  year = {2009},
  address = {adresse},
  abstract = {r{\'e}sum{\'e}},
  annote = {annotations},
  date-added = {2009-01-01 00:00:00 +0100},
  date-modified = {2009-09-09 09:09:09 +0100},
  keywords = {technical report,rapport technique},
  url = {http://www.perdu.com/}
}



@BOOK{BooRef00,
  title = {Titre de livre},
  year = {2009},
  author = {of Book, author},
  publisher = {First, Second, Third},
  date-added = {2009-01-01 00:00:00 +0100},
  date-modified = {2009-09-09 09:09:09 +0100},
  isbn = {0-13-659707-6},
  url = {http://www.amazon.fr/}
}

