% This file was created with JabRef 2.6.
% Encoding: Cp1252

@BOOK{SemiologieGraphiqueMore,
  title = {Sémiologie graphique. Les diagrammes, les réseaux, les carte.},
  publisher = {{\'E}cole Des Hautes {\'E}tudes En Sciences Sociales},
  year = {1999},
  author = {Bertin, Jacques},
  address = {Paris},
}

@BOOK{traitementGraphiqueInformation,
  title = {La Graphique et le traitement graphique de l'information},
  publisher = {Flammarion},
  year = {1975},
  author = {Bertin, Jacques},
}

@BOOK{semiologieGraphique,
  title = {Sémiologie graphique},
  publisher = {Mouton/Gauthier-Villars},
  year = {1967},
  author = {Bertin, Jacques},
  address = {Paris},
}

@BOOK{representationDonneesGeographiques,
  title = {La représentation des données géographiques, Statistique et cartographie.},
  publisher = {Armand Colin},
  year = {2003},
  author = {Béguin, Michelle and Pumain, Denise},
  address = {Paris},
}

@CONFERENCE{sourcesSemiologieGraphique,
  author = {Palsky, Gilles and Robic, Marie-Claire},
  title = {Aux sources de la sémiologie graphique},
  booktitle = {Colloque "3O ans de sémiologie graphique"},
  year = {2000},
  editor = {Cybergeo : European Journal of Geography},
  volume = {Aux sources de la sémiologie graphique},
  number = {147},
}

@MISC{designInformationWikipediaFR,
  author = {WikipediaFR},
  title = {Design de l'information},
  url = {https://secure.wikimedia.org/wikipedia/fr/wiki/Design_de_l'information}
}

@MISC{doxygenWikipediaFR,
  author = {WikipediaFR},
  title = {Doxygen},
  url = {http://fr.wikipedia.org/wiki/Doxygen}
}

@MISC{jacquesBertinWikipediaFR,
  author = {WikipediaFR},
  title = {Jacques Bertin (cartographe)},
  url = {https://secure.wikimedia.org/wikipedia/fr/wiki/Jacques_Bertin_(cartographe)}
}

@MISC{semiologieGraphiqueWikipediaFR,
  author = {WikipediaFR},
  title = {Sémiologie Graphique},
  url = {https://secure.wikimedia.org/wikipedia/fr/wiki/Semiologie_graphique}
}

