% Encoding: UTF-8

@Book{Biochimie1erCycle2001,
  title     = {Biochimie 1er cycle -- cours et questions de r{\'e}vision (3{\`e}me {\'e}dition)},
  publisher = {--},
  year      = {2001},
  author    = {Georges Hennen},
  editor    = {DUNOD},
  edition   = {3},
  isbn      = {978-2-10-005445-7},
}

@Book{GenetiqueEnBD,
  title     = {La g{\'e}n{\'e}tique en BD},
  publisher = {--},
  year      = {2016},
  author    = {Larry Gonick and Mark Wheelis and Marie-Pierre G{\'e}rard},
  editor    = {Larousse},
  isbn      = {978-2-03-592600-5},
}

@Electronic{WikipediaDCB,
  author = {Wikipedia Contributors},
  title  = {Th{\'e}orie fondamentale de la biologie mol{\'e}culaire},
  note   = {Consult{\'e} le 23 mars 2021},
  url    = {https://fr.wikipedia.org/wiki/Th{\'e}orie_fondamentale_de_la_biologie_mol{\'e}culaire},
}

@Misc{TeXAminoAcids,
  author   = {Florian Hollandt},
  title    = {Tikz Example: RNA codons table},
  month    = {08},
  year     = {2009},
  abstract = {Example: RNA codons table
Published 2009-08-11 | Author: Florian Hollandt
A table of the RNA codons together with the amino acids they encode.
https://texample.net/tikz/examples/rna-codons-table/},
  url      = {https://texample.net/tikz/examples/rna-codons-table/},
}

@Misc{TeXLipids,
  author   = {Henrik Skov Midtiby},
  title    = {TeX Example: Lipid vesicle},
  month    = {03},
  year     = {2009},
  abstract = {Example: Lipid vesicle
Published 2009-03-05 | Author: Henrik Skov Midtiby
Illustration of a vesicle composed of two lipid layers. A custom decoration is created to place lipid leaflets evenly on a circle.
https://texample.net/tikz/examples/lipid-vesicle/},
  url      = {https://texample.net/tikz/examples/lipid-vesicle/},
}

@Misc{TeXPeriodicTableOfElements,
  author   = {Ivan Griffin},
  title    = {TeX Example: Periodic Table of Chemical Elements},
  month    = {12},
  year     = {2009},
  abstract = {Example: Periodic Table of Chemical Elements
Published 2009-12-20 | Author: Ivan Griffin 
https://texample.net/tikz/examples/periodic-table-of-chemical-elements/},
  url      = {https://texample.net/tikz/examples/periodic-table-of-chemical-elements/},
}

@Misc{TeXblogSimpleDNA,
  author       = {tom : https://texblog.org/author/tom/},
  title        = {Simple DNA -- protein interaction model with TikZ},
  howpublished = {texblog},
  month        = {April},
  year         = {2014},
  note         = {28. April 2014 on texblog},
  url          = {https://texblog.org/2014/04/28/simple-dna-protein-interaction-model-with-tikz/},
}

@Electronic{AmazingDNA,
  author       = {bert@hubertnet.nl},
  month        = {January 2021 (update)},
  year         = {2001-2021},
  title        = {DNA seen through the eyes of a coder (or, If you are a hammer, everything looks like a nail)},
  howpublished = {Web},
  note         = {https://berthub.eu/articles/posts/amazing-dna/},
  url          = {https://berthub.eu/articles/posts/amazing-dna/},
}

@Electronic{TheConversationADNAvenirStockageDonnees,
  author       = {Ir{\`e}ne Tanneur},
  month        = {May},
  year         = {2021},
  title        = {L'ADN sera-t-il l'avenir du stockage de donn{\'e}es ?},
  language     = {Fran\c{c}ais},
  organization = {The Conversation},
  note         = {Article du 24 mai 2021},
  url          = {https://theconversation.com/ladn-sera-t-il-lavenir-du-stockage-de-donnees-159387},
  abstract     = {{\`A} l'heure o{\`u} nous produisons de plus en plus de donn{\'e}es et o{\`u} se pose la question de leur stockage, les biologistes s'int{\'e}ressant {\`a} ce probl{\`e}me se sont tourn{\'e}s vers l'un des « disques durs » les plus compacts qui soient : l'ADN.

En effet, cette macromol{\'e}cule pr{\'e}sente dans toutes les cellules contient toute l'information n{\'e}cessaire au bon fonctionnement et {\`a} la reproduction de celles-ci, encod{\'e}es dans ses quatre bases A, C, G et T. Sur ce principe, ne pourrait-il pas contenir des donn{\'e}es cr{\'e}{\'e}es par l'{\^e}tre humain, encod{\'e}es dans les bases de l'ADN comme elles le sont sous forme de 0 et de 1 dans un ordinateur ?

Depuis quelques ann{\'e}es, de nombreuses recherches se penchent sur la possibilit{\'e} de stocker des donn{\'e}es dans l'ADN, que celui-ci soit conserv{\'e} in vivo (au sein de cellules) ou in vitro. Cette solution technologique serait, selon ses promoteurs, une piste pour r{\'e}pondre aux difficult{\'e}s de stockage de donn{\'e}es qui se poseront dans quelques ann{\'e}es.

La quantit{\'e} mondiale de donn{\'e}es num{\'e}riques {\'e}tait estim{\'e}e en 2018 {\`a} 33 zettaoctets (mille milliards de milliards d'octets), et elle double tous les deux {\`a} trois ans. Le stockage de donn{\'e}es sur des disques durs ou des bandes magn{\'e}tiques n{\'e}cessite ainsi de plus en plus de place. Il requiert ainsi des ressources toujours plus importantes en infrastructures et en {\'e}nergie. Enfin, le stockage classique est peu durable, de sorte que des donn{\'e}es archiv{\'e}es sur CD ou bandes magn{\'e}tiques doivent {\^e}tre transf{\'e}r{\'e}es tous les 10 ans environ.

{\`A} lire aussi : La r{\'e}alit{\'e} physique du monde num{\'e}rique

La premi{\`e}re d{\'e}monstration de stockage de donn{\'e}es dans l'ADN date des ann{\'e}es 1980 avec l'œuvre de Joe Davis, qui avait alors encod{\'e} la repr{\'e}sentation d'une rune germanique dans le g{\'e}nome d'une bact{\'e}rie. Mais les d{\'e}veloppements de techniques autour de cette id{\'e}e n'ont connu leur essor que depuis le d{\'e}but des ann{\'e}es 2010.
Vos donn{\'e}es dans des tubes {\`a} essai

Le stockage de donn{\'e}es dans l'ADN in vitro fonctionne le plus souvent de la mani{\`e}re suivante : les donn{\'e}es {\`a} conserver – textes, images – sont converties en s{\'e}quence de 0 et de 1, elles-m{\^e}mes transpos{\'e}es en s{\'e}quences de nucl{\'e}otides A, C, G et T. La mol{\'e}cule d'ADN est ensuite synth{\'e}tis{\'e}e par des appareils d{\'e}di{\'e}s, qui ajoutent les nucl{\'e}otides souhait{\'e}s les uns {\`a} {\`a} la suite des autres pour former des brins d'ADN, le plus souvent longs de quelques dizaines {\`a} deux cents paires de bases – {\`a} titre de comparaison, les bact{\'e}ries ont g{\'e}n{\'e}ralement un g{\'e}nome de quelques millions de paires de base, et les humains 3,2 milliards de bases par cellule. Une information assez volumineuse sera ainsi r{\'e}partie sur plusieurs brins d'ADN, mais elle sera reconstitu{\'e}e {\`a} la lecture. Les mol{\'e}cules peuvent ensuite {\^e}tre stock{\'e}es, souvent dans une solution aqueuse. L'acc{\`e}s {\`a} l'information se fait par s{\'e}quen\c{c}age et interpr{\'e}tation des s{\'e}quences obtenues.
L'information g{\'e}n{\'e}tique est stock{\'e}e dans l'ADN gr{\^a}ce {\`a} des bases chimiques not{\'e}es A, C, G et T. Le stockage de donn{\'e}es dans l'ADN in vitro propose notamment d'utiliser ces bases comme unit{\'e}s de stockage de l'information, {\`a} la mani{\`e}re des 0 et des 1 en informatique. ktsdesign/Shutterstock

Le co{\^u}t est l'une des limites principales du stockage in vitro : la synth{\`e}se de l'ADN, donc l'{\'e}criture des donn{\'e}es, est ch{\`e}re. Pour contourner les co{\^u}ts li{\'e}s {\`a} cette synth{\`e}se, des m{\'e}thodes alternatives sont explor{\'e}es. Par exemple, il est envisag{\'e} d'utiliser un encodage fond{\'e} sur des structures physiques de l'ADN : ici, le repliement ou non de l'ADN correspond alors {\`a} un 0 ou {\`a} un 1. Autre option, l'encodage via des modifications {\'e}pig{\'e}n{\'e}tiques : dans ce cas, les bits sont encod{\'e}s gr{\^a}ce {\`a} la pr{\'e}sence ou l'absence de modifications chimiques le long de la mol{\'e}cule l'ADN, et non via les bases.

Autre limitation {\`a} l'heure actuelle, l'{\'e}tape de synth{\`e}se peut {\^e}tre longue et g{\'e}n{\'e}rer des erreurs, tout comme l'{\'e}tape de s{\'e}quen\c{c}age n{\'e}cessaire {\`a} la lecture des donn{\'e}es. Pour pallier aux {\'e}ventuelles erreurs, l'encodage des donn{\'e}es doit inclure une redondance de l'information, et des codes correcteurs sont utilis{\'e}s : ce sont des s{\'e}quences ajout{\'e}es {\`a} la suite des donn{\'e}es d'int{\'e}r{\^e}t, permettant de reconstituer l'information en cas d'erreur ou d'effacement lors de l'{\'e}criture ou de la lecture. Ces codes de correction d'erreurs sont issus des travaux sur le codage de l'information. Des informations redondantes, c'est-{\`a}-dire d{\'e}j{\`a} pr{\'e}sentes dans le message, sont ajout{\'e}es autour de l'information {\`a} transmettre. Cela permet au syst{\`e}me qui la d{\'e}code de d{\'e}tecter et de remanier les erreurs. Un des codes de correction d'erreurs les plus utilis{\'e}s, le code de Reed-Solomon, est d'ailleurs pr{\'e}sent dans les CD et les QR codes pour y {\'e}viter les pertes d'informations.
Vos donn{\'e}es dans des bact{\'e}ries

Il est {\'e}galement possible de stocker des donn{\'e}es in vivo, dans le g{\'e}nome d'organismes vivants. En 2017, un gif anim{\'e} fut encod{\'e} dans le g{\'e}nome d'une bact{\'e}rie, les bases constituant le code {\'e}tant int{\'e}gr{\'e}es dans un endroit pr{\'e}cis du g{\'e}nome. Un triplet de nucl{\'e}otides codait alors pour une couleur de pixel, permettant une reconstitution en 21 niveaux de gris.
S{\'e}quenced'animation montrant un cheval de course au galop. Photos prises par Eadweard Muybridge (mort en 1904), publi{\'e}es en 1887 {\`a} Philadelphia sous le titre d'« Animal Locomotion ». Ce petit film fut encod{\'e} dans le g{\'e}nome d'_E. coli_ en 2017. Source : Wikimedia

Plus r{\'e}cemment, en 2021, des chercheurs de l'universit{\'e} de Columbia ont mis en place un syst{\`e}me permettant de transf{\'e}rer les donn{\'e}es directement d'un format num{\'e}rique {\`a} un stockage biologique.

Dans ce nouveau syst{\`e}me, dit « enregistrement mol{\'e}culaire {\'e}lectrobiologique », le format num{\'e}rique, compos{\'e} de 0 et de 1, est exprim{\'e} en signal {\'e}lectrique. Ainsi, pour coder un 0, il n'y a pas de signal {\'e}lectrique et une s{\'e}quence issue du g{\'e}nome originel de la bact{\'e}rie est int{\'e}gr{\'e}e dans le g{\'e}nome. En revanche, pour coder un 1, donc en pr{\'e}sence d'un signal {\'e}lectrique, une s{\'e}quence exog{\`e}ne – {\'e}trang{\`e}re au g{\'e}nome de la bact{\'e}rie – est int{\'e}gr{\'e}e dans le g{\'e}nome. Les chercheurs ont ainsi encod{\'e} le message « hello world » dans le g{\'e}nome de la bact{\'e}rie. Si la quantit{\'e} de donn{\'e}es encod{\'e}es est encore faible, c'est la premi{\`e}re d{\'e}monstration d'une {\'e}criture de donn{\'e}es directement de l'ordinateur vers un organisme vivant – une sorte de magn{\'e}toscope cellulaire, capable d'enregistrer les donn{\'e}es sur l'{\'e}quivalent biologique de la bande magn{\'e}tique : l'ADN.
Colonies de bact{\'e}ries E. coli dans une bo{\^i}te de P{\'e}tri. Nathan Reading/Flickr, CC BY-NC-ND

Il est plus difficile de manipuler l'ADN in vivo qu'in vitro, et, pour les m{\'e}thodes d'« enregistrement mol{\'e}culaire », la densit{\'e} d'espace de stockage (ici, la quantit{\'e} d'information par nucl{\'e}otide) y est plus faible, l'encodage d'un 0 ou d'un 1 n{\'e}cessitant pour l'instant environ 50 nucl{\'e}otides. Cependant, les donn{\'e}es enregistr{\'e}es in vivo ont pour avantage d'{\^e}tre faciles {\`a} copier, gr{\^a}ce {\`a} la division cellulaire, contrairement aux donn{\'e}es stock{\'e}es in vitro qui doivent {\^e}tre r{\'e}pliqu{\'e}es par des PCR, Polymerase Chain Reaction – une technique qui permet de dupliquer en grand nombre l'ADN ou l'ARN {\`a} partir de faibles quantit{\'e}s de mat{\'e}riau g{\'e}n{\'e}tique et d'amorces sp{\'e}cifiques), d{\'e}sormais fameuse gr{\^a}ce {\`a} son r{\^o}le dans le d{\'e}pistage du SARS-Cov-2, mais plus co{\^u}teuse que les cultures pendant lesquelles les cellules se divisent.

La r{\'e}plication de l'ADN est souvent mentionn{\'e}e comme probl{\`e}me du stockage in vivo, car elle est susceptible de g{\'e}n{\'e}rer des mutations qui pourraient endommager les donn{\'e}es en introduisant des erreurs de codage ; n{\'e}anmoins les erreurs de r{\'e}plication de l'ADN sont plus rares in vivo que pendant une PCR.
Un stockage « froid », mais pas que

Le stockage de donn{\'e}es dans l'ADN semble plut{\^o}t {\^e}tre indiqu{\'e} pour l'archivage de donn{\'e}es dites « froides », c'est-{\`a}-dire des donn{\'e}es auxquelles l'acc{\`e}s est peu fr{\'e}quent. Mais d'autres applications sont envisag{\'e}es.

{\`A} lire aussi : Comment stocker des donn{\'e}es {\`a} (tr{\`e}s) long terme ?

Ce type de stockage pourrait {\'e}galement {\^e}tre utilis{\'e} en st{\'e}ganographie, c'est-{\`a}-dire pour dissimuler un message dans un autre message. Par exemple, les cellules stockant l'ADN porteur d'informations pourraient {\^e}tre m{\'e}lang{\'e}es {\`a} des bact{\'e}ries issues d'un environnement naturel pour aider {\`a} la dissimulation d'une information.

L'authentification d'objets gr{\^a}ce {\`a} des codes-barres nucl{\'e}otidiques est {\'e}galement examin{\'e}e, par exemple dans cette {\'e}tude, qui propose d'utiliser de l'ADN encapsul{\'e} dans de la silice et m{\'e}lang{\'e} {\`a} des huiles d'olive pour qu'il soit possible de v{\'e}rifier leur authenticit{\'e}.
Image de bact{\'e}ries en microscopie confocale (Bacillus subtilis). Fernan Federici, Flickr, CC BY-NC-SA

M{\^e}me si le stockage de donn{\'e}es dans l'ADN n'appartient plus tout {\`a} fait {\`a} la science-fiction, il lui reste un long chemin {\`a} faire avant de devenir grand public. L'ADN se conserve bien et est tr{\`e}s compact, des millions de nucl{\'e}otides n'occupant que quelques microm{\`e}tres – il aurait ainsi une densit{\'e} de stockage un million de fois plus importante que celle des disques durs. Ce sont ses avantages par rapport aux m{\'e}thodes de stockage classiques, comme le stockage magn{\'e}tique (utilis{\'e} dans les disques durs) ou optique (les CDs et DVDs).

N{\'e}anmoins les diff{\'e}rents co{\^u}ts impliqu{\'e}s, notamment pour {\'e}crire les donn{\'e}es, sont encore de plusieurs ordres de grandeur plus {\'e}lev{\'e}s que ceux du stockage classique. La vitesse de lecture des donn{\'e}es – souvent, la vitesse de s{\'e}quen\c{c}age de l'ADN – est {\'e}galement un obstacle {\`a} lever, m{\^e}me si des progr{\`e}s consid{\'e}rables ont {\'e}t{\'e} r{\'e}alis{\'e}s dans ce domaine ces derni{\`e}res ann{\'e}es, et que de nouvelles am{\'e}liorations restent {\`a} venir, comme des m{\'e}thodes de s{\'e}quen\c{c}age ne n{\'e}cessitant qu'une seule mol{\'e}cule d'ADN, l{\`a} o{\`u} les m{\'e}thodes classiques en exigent plusieurs.

M{\^e}me s'il n'est pas impossible d'imaginer, d'ici quelques d{\'e}cennies, un rayon des archives remplies de tubes {\`a} essai contenant des livres sous forme d'ADN, il est n{\'e}anmoins peu probable que vous puissiez bient{\^o}t regarder votre film pr{\'e}f{\'e}r{\'e} en glissant un {\'e}chantillon dans un lecteur DVD g{\'e}n{\'e}tique.},
  keywords     = {technologies,bact{\'e}ries,ADN,biologie,m{\'e}gadonn{\'e}es,data,donn{\'e}es,stockage},
}

@Electronic{WikipediaTheorieNeutre,
  author = {Wikipedia Contributors},
  title  = {Th{\'e}orie neutre de la biodiversit{\'e} et de la biog{\'e}ographie},
  note   = {Consult{\'e} le 1er Jullet 2021},
  url    = {https://fr.wikipedia.org/wiki/Th%C3%A9orie_neutre_de_la_biodiversit%C3%A9_et_de_la_biog%C3%A9ographie},
}

@Electronic{WikipediaCategorieTheoriesEvolution,
  author = {Wikipedia Contributors},
  title  = {Cat{\'e}gorie:Th{\'e}orie sur l'{\'e}volution},
  note   = {Consult{\'e} le 1er Jullet 2021},
  url    = {https://fr.wikipedia.org/wiki/Cat%C3%A9gorie:Th%C3%A9orie_sur_l%27%C3%A9volution},
}

@Comment{jabref-meta: databaseType:bibtex;}
